@online{DiscordPopularity,
    author = "Werner Geyser",
    title = "The Latest Discord Statistics: Servers, Revenue, Data, and More",
    url = "https://influencermarketinghub.com/discord-stats/",
    urldate = "2023-12-12"
}

@online{BotVsClientArticle,
    url = "https://copyprogramming.com/howto/what-are-the-differences-between-bot-and-client",
    author = "Regina Hand",
    urldate = "2023-12-10",
    title = "How do Bot and Client Differ from Each Other?"
}

@online{BotUIKit,
    url = "https://discordpy.readthedocs.io/en/stable/interactions/api.html?highlight=ui%20kit#bot-ui-kit",
    title = "Dokumentacja Bot UI Kit",
    urldate = "2023-12-05"
}